<record><leader>00000cas a22000007a 4500</leader><controlfield tag="001">20660935</controlfield><controlfield tag="008">891116d19461948mduwr ne      0    0eng d</controlfield><datafield ind1=" " ind2=" " tag="010"><subfield code="a">sn 89060321 </subfield></datafield><datafield ind1=" " ind2=" " tag="040"><subfield code="a">MFN</subfield><subfield code="b">eng</subfield><subfield code="c">MFN</subfield><subfield code="d">OCLCQ</subfield></datafield><datafield ind1=" " ind2=" " tag="042"><subfield code="a">msc</subfield></datafield><datafield ind1="0" ind2=" " tag="130"><subfield code="a">Guide (Baltimore, Md. : City ed.)</subfield></datafield><datafield ind1="1" ind2="4" tag="245"><subfield code="a">The guide.</subfield></datafield><datafield ind1=" " ind2=" " tag="250"><subfield code="a">City ed.</subfield></datafield><datafield ind1=" " ind2=" " tag="260"><subfield code="a">Baltimore, Md.,</subfield><subfield code="c">H. Milton Lasson</subfield></datafield><datafield ind1=" " ind2=" " tag="300"><subfield code="a">v.</subfield></datafield><datafield ind1=" " ind2=" " tag="310"><subfield code="a">Weekly</subfield></datafield><datafield ind1="0" ind2=" " tag="362"><subfield code="a">Vol. 20, no. 29 (Sept. 19, 1946)-v. 22, no. 40 (Dec. 16, 1948).</subfield></datafield><datafield ind1=" " ind2=" " tag="500"><subfield code="a">Issues for Nov. 11-Dec. 16, 1948 lack edition statement.</subfield></datafield><datafield ind1=" " ind2=" " tag="752"><subfield code="a">United States</subfield><subfield code="b">Maryland</subfield><subfield code="d">Baltimore.</subfield></datafield><datafield ind1="0" ind2=" " tag="775"><subfield code="t">Guide (Baltimore, Md. : County ed.)</subfield><subfield code="w">(DLC)sn 89060322</subfield></datafield><datafield ind1="0" ind2="1" tag="780"><subfield code="t">Guide (Baltimore, Md. : 1940)</subfield><subfield code="w">(DLC)sn 89060320</subfield></datafield><datafield ind1="0" ind2="0" tag="785"><subfield code="t">East Baltimore guide (Baltimore, Md. : 1948)</subfield><subfield code="w">(DLC)sn 89060323</subfield></datafield></record>